@article{kutin-moulton-smithline,
author = "Samuel A. Kutin and David Petrie Moulton and Lawren M. Smithline",
title = "Computation at a distance",
journal = "Chicago Journal of Theoretical Computer Science",
year = 2007,
source = "website"
}
@misc{CDKM,
author = "Steven A. Cuccaro and Thomas G. Draper and Samuel A. Kutin and David Petrie Moulton",
title = "A new quantum ripple-carry addition circuit",
howpublished = "quant-ph/0410184",
year = 2004,
source = "actual author"
}
